@article{Martinez-Cantin200993,
    title = {{A Bayesian exploration-exploitation approach for optimal online sensing and planning with a visually guided mobile robot}},
    year = {2009},
    journal = {Autonomous Robots},
    author = {Martinez-Cantin, R and De Freitas, N and Brochu, E and Castellanos, J and Doucet, A},
    number = {2},
    pages = {93--103},
    volume = {27},
    url = {https://www.scopus.com/inward/record.uri?eid=2-s2.0-70349325516&doi=10.1007%2Fs10514-009-9130-2&partnerID=40&md5=714fc83f762dd3c300cb71ea076e7706},
    doi = {10.1007/s10514-009-9130-2}
}

@inproceedings{BernardineDias20032279,
    title = {{A Comparative Study between Centralized, Market-Based, and Behavioral Multirobot Coordination Approaches}},
    year = {2003},
    booktitle = {IEEE International Conference on Intelligent Robots and Systems},
    author = {Bernardine Dias, M and Stentz, A},
    pages = {2279--2284},
    volume = {3},
    url = {https://www.scopus.com/inward/record.uri?eid=2-s2.0-0346148655&partnerID=40&md5=6b98b42f82cb8e3f47c124d6ef05a095}
}

@inproceedings{Richards20044261,
    title = {{A decentralized algorithm for robust constrained model predictive control}},
    year = {2004},
    booktitle = {Proceedings of the American Control Conference},
    author = {Richards, A and How, J},
    pages = {4261--4266},
    volume = {5},
    url = {https://www.scopus.com/inward/record.uri?eid=2-s2.0-8744270082&partnerID=40&md5=1af60c6cc9380e5a96647639293b86de}
}

@article{4082128,
    title = {{A Formal Basis for the Heuristic Determination of Minimum Cost Paths}},
    year = {1968},
    journal = {IEEE Transactions on Systems Science and Cybernetics},
    author = {Hart, P E and Nilsson, N J and Raphael, B},
    number = {2},
    pages = {100--107},
    volume = {4},
    doi = {10.1109/TSSC.1968.300136},
    issn = {0536-1567},
    keywords = {Automatic control;Automatic programming;Chemical t}
}

@inproceedings{Ferguson20059201,
    title = {{A Guide to Heuristic-based Path Planning}},
    year = {2005},
    booktitle = {Proceedings of the International Workshop on Planning under Uncertainty for Autonomous Systems, International Conference on Automated Planning and Scheduling (ICAPS)},
    author = {Ferguson, David and Likhachev, Maxim and Stentz, Anthony (Tony)},
    organization = {Robotics Institute, Carnegie Mellon University},
    address = {Pittsburgh, PA}
}

@article{Askari20151103,
    title = {{A new approach in UAV path planning using Bezier-Dubins continuous curvature path}},
    year = {2015},
    journal = {Proceedings of the Institution of Mechanical Engineers, Part G: Journal of Aerospace Engineering},
    author = {Askari, A and Mortazavi, M and Talebi, H A and Motamedi, A},
    number = {6},
    pages = {1103--1113},
    volume = {230},
    url = {https://www.scopus.com/inward/record.uri?eid=2-s2.0-84964686294&doi=10.1177%2F0954410015603415&partnerID=40&md5=7c229eb63d139b7f643d96309eb35752},
    doi = {10.1177/0954410015603415}
}

@article{Dijkstra1959269,
    title = {{A note on two problems in connexion with graphs}},
    year = {1959},
    journal = {Numerische Mathematik},
    author = {Dijkstra, E W},
    number = {1},
    pages = {269--271},
    volume = {1},
    url = {https://www.scopus.com/inward/record.uri?eid=2-s2.0-34147120474&doi=10.1007%2FBF01386390&partnerID=40&md5=9a472d4719680365e4228d49d35aae89},
    doi = {10.1007/BF01386390}
}

@article{Farmani20171947,
    title = {{A Scalable Multitarget Tracking System for Cooperative Unmanned Aerial Vehicles}},
    year = {2017},
    journal = {IEEE Transactions on Aerospace and Electronic Systems},
    author = {Farmani, N and Sun, L and Pack, D J},
    number = {4},
    pages = {1947--1961},
    volume = {53},
    url = {https://www.scopus.com/inward/record.uri?eid=2-s2.0-85029504801&doi=10.1109%2FTAES.2017.2677746&partnerID=40&md5=8af73a6fabeda01dcdd79ac6d790260c},
    doi = {10.1109/TAES.2017.2677746}
}

@article{Candeloro201741,
    title = {{A Voronoi-diagram-based dynamic path-planning system for underactuated marine vessels}},
    year = {2017},
    journal = {Control Engineering Practice},
    author = {Candeloro, M and Lekkas, A M and S{\o}rensen, A J},
    pages = {41--54},
    volume = {61},
    url = {https://www.scopus.com/inward/record.uri?eid=2-s2.0-85011707897&doi=10.1016%2Fj.conengprac.2017.01.007&partnerID=40&md5=bb06845aba864431745a38d92beb69c3},
    doi = {10.1016/j.conengprac.2017.01.007}
}

@inproceedings{Kobayashi2015,
    title = {{Advanced optimized weather routing for an ocean-going vessel}},
    year = {2015},
    booktitle = {2015 International Association of Institutes of Navigation World Congress, IAIN 2015 - Proceedings},
    author = {Kobayashi, E and Hashimoto, H and Taniguchi, Y and Yoneda, S},
    url = {https://www.scopus.com/inward/record.uri?eid=2-s2.0-84963571230&doi=10.1109%2FIAIN.2015.7352247&partnerID=40&md5=de1b1608d83cb7148edffb58c9cf1663},
    doi = {10.1109/IAIN.2015.7352247}
}

@article{Lozano-Perez1979560,
    title = {{An Algorithm for Planning Collision-Free Paths Among Polyhedral Obstacles}},
    year = {1979},
    journal = {Communications of the ACM},
    author = {Lozano-P{\'{e}}rez, T and Wesley, M A},
    number = {10},
    pages = {560--570},
    volume = {22},
    url = {https://www.scopus.com/inward/record.uri?eid=2-s2.0-0018533130&doi=10.1145%2F359156.359164&partnerID=40&md5=aed7076b7a6437abddae22b3adff2436},
    doi = {10.1145/359156.359164}
}

@article{Andersson201688,
    title = {{An estimation-forecast set-up for iceberg drift prediction}},
    year = {2016},
    journal = {Cold Regions Science and Technology},
    author = {Andersson, L E and Scibilia, F and Imsland, L},
    pages = {88--107},
    volume = {131},
    url = {https://www.scopus.com/inward/record.uri?eid=2-s2.0-84987936632&doi=10.1016%2Fj.coldregions.2016.08.001&partnerID=40&md5=8e9dc5287b86fd5e62bf0df883624e6e},
    doi = {10.1016/j.coldregions.2016.08.001}
}

@book{Russell2014,
    title = {{Artificial Intelligence: A Modern Approach}},
    year = {2014},
    author = {Russell, Stuart J and Norvig, Peter},
    edition = {3},
    publisher = {Pearson Education},
    isbn = {0137903952}
}

@misc{wiki:xxx,
    title = {{Bellman-Ford algorithm --- Wikipedia{\{},{\}} The Free Encyclopedia}},
    year = {2017},
    author = {Contributors, Wikipedia},
    howpublished = {{\textbackslash}url{\{}https://en.wikipedia.org/w/index.php?title=Bellman{\%}E2{\%}80{\%}93Ford{\_}algorithm{\&}oldid=815946754{\}}}
}

@article{Nannicini2012240,
    title = {{Bidirectional A* search on time-dependent road networks}},
    year = {2012},
    journal = {Networks},
    author = {Nannicini, G and Delling, D and Schultes, D and Liberti, L},
    number = {2},
    pages = {240--251},
    volume = {59},
    url = {https://www.scopus.com/inward/record.uri?eid=2-s2.0-84856853965&doi=10.1002%2Fnet.20438&partnerID=40&md5=ba0a38ed53b1e57cfff22e4f092a2413},
    doi = {10.1002/net.20438}
}

@misc{PereiraFranciscoBabtista2008Baft,
    title = {{Bio-inspired algorithms for the vehicle routing problem}},
    year = {2008},
    author = {Pereira, Francisco Babtista and Tavares, Jorge},
    series = {Studies in Computational Intelligence},
    volume = {v. 161},
    publisher = {Springer},
    address = {Berlin},
    isbn = {3-540-85152-6},
    keywords = {Transportation problems (Programming), Vehicle rou}
}

@misc{Veness,
    title = {{Calculate distance, bearing and more between Latitude/Longitude points}},
    year = {2017},
    author = {Veness, Chris},
    url = {https://www.movable-type.co.uk/scripts/latlong.html}
}

@article{loe,
    title = {{Collision Avoidance Concepts for Marine Surface Craft}},
    year = {2018},
    author = {Loe, Øivind}
}

@article{alexander_loe,
    title = {{Collision Avoidance for Unmanned Surface Vehicles}},
    year = {2018},
    author = {Aleksander, Øivind and Loe, Øivind}
}

@article{IMO:TSS,
    title = {{COLREGS - International Regulations for Preventing Collisions at Sea}},
    year = {1996},
    journal = {International Maritime Organization},
    author = {{IMO}}
}

@article{Stachura2017736,
    title = {{Communication-Aware Information-Gathering Experiments with an Unmanned Aircraft System}},
    year = {2017},
    journal = {Journal of Field Robotics},
    author = {Stachura, M and Frew, E},
    number = {4},
    pages = {736--756},
    volume = {34},
    url = {https://www.scopus.com/inward/record.uri?eid=2-s2.0-85018178612&doi=10.1002%2Frob.21666&partnerID=40&md5=c6b35c4accb23d4de1dcfdd173f5fd97},
    doi = {10.1002/rob.21666}
}

@inproceedings{Dixon2007339,
    title = {{Cooperative electronic chaining using small unmanned aircraft}},
    year = {2007},
    booktitle = {Collection of Technical Papers - 2007 AIAA InfoTech at Aerospace Conference},
    author = {Dixon, C R and Frew, E W},
    pages = {339--346},
    volume = {1},
    url = {https://www.scopus.com/inward/record.uri?eid=2-s2.0-35649022706&partnerID=40&md5=c2cf95406e678f58d30d413b469a7e2c}
}

@inproceedings{Richards20044286,
    title = {{Decentralized model predictive control of cooperating UAVs}},
    year = {2004},
    booktitle = {Proceedings of the IEEE Conference on Decision and Control},
    author = {Richards, A and How, J},
    pages = {4286--4291},
    volume = {4},
    url = {https://www.scopus.com/inward/record.uri?eid=2-s2.0-14244270131&doi=10.1109%2FCDC.2004.1429425&partnerID=40&md5=73c6c002a40d18a0698ada31ee32c7bd},
    doi = {10.1109/CDC.2004.1429425}
}

@inproceedings{Contreras-Cruz2017541,
    title = {{Distributed path planning for multi-robot teams based on Artificial Bee Colony}},
    year = {2017},
    booktitle = {2017 IEEE Congress on Evolutionary Computation, CEC 2017 - Proceedings},
    author = {Contreras-Cruz, M A and Lopez-Perez, J J and Ayala-Ramirez, V},
    pages = {541--548},
    url = {https://www.scopus.com/inward/record.uri?eid=2-s2.0-85027889350&doi=10.1109%2FCEC.2017.7969358&partnerID=40&md5=c4e3b55f7476484868c0b8ed6756f4c1},
    doi = {10.1109/CEC.2017.7969358}
}

@article{Chatzipanagiotis20161333,
    title = {{Distributed scheduling of network connectivity using mobile access point robots}},
    year = {2016},
    journal = {IEEE Transactions on Robotics},
    author = {Chatzipanagiotis, N and Zavlanos, M M},
    number = {6},
    pages = {1333--1346},
    volume = {32},
    url = {https://www.scopus.com/inward/record.uri?eid=2-s2.0-84988672816&doi=10.1109%2FTRO.2016.2593041&partnerID=40&md5=bc2c48184c90069015fe53377a9badfd},
    doi = {10.1109/TRO.2016.2593041}
}

@book{Fossen2011,
    title = {{Handbook of Marine Craft Hydrodynamics and Motion Control}},
    year = {2011},
    booktitle = {Handbook of Marine Craft Hydrodynamics and Motion Control},
    author = {Fossen, T I},
    publisher = {Wiley},
    url = {https://www.scopus.com/inward/record.uri?eid=2-s2.0-84891571059&doi=10.1002%2F9781119994138&partnerID=40&md5=c1f58dec737b028fc15149bd68fbca69},
    doi = {10.1002/9781119994138}
}

@article{Lee2011,
    title = {{Hybrid control of long-endurance aerial robotic vehicles for wireless sensor networks}},
    year = {2011},
    journal = {International Journal of Advanced Robotic Systems},
    author = {Lee, D.-J. and Andersson, K},
    number = {2},
    volume = {8},
    url = {https://www.scopus.com/inward/record.uri?eid=2-s2.0-79958740797&partnerID=40&md5=98eae3f421c6ef30ff4d247e616ae061}
}

@phdthesis{Rantanen2014,
    title = {{Improving Probabilistic Roadmap Methods for Fast Motion Planning}},
    year = {2014},
    author = {Rantanen, Mika},
    pages = {163},
    url = {http://tampub.uta.fi/bitstream/handle/10024/95962/978-951-44-9529-8.pdf},
    school = {UNIVERSITY OF TAMPERE}
}

@book{Leiserson2009,
    title = {{Introduction to Algorithms, Third Edition}},
    year = {2009},
    booktitle = {Book},
    author = {Cormen, Thomas H and Leiserson, Ce Charles E and Rivest, Rl Ronald L and Stein, Clifford},
    publisher = {Massachusetts Institute of Technology},
    isbn = {0262033844},
    doi = {10.2307/2583667},
    issn = {15580768},
    pmid = {22929350},
    arxivId = {2010 (ret. 29.4.2010)}
}

@misc{YuXinjie2010Itea,
    title = {{Introduction to evolutionary algorithms}},
    year = {2010},
    author = {Yu, Xinjie and Gen, Mitsuo},
    series = {Decision engineering},
    publisher = {Springer},
    address = {London},
    isbn = {9781447125693},
    keywords = {Evolusjon{\ae}re algoritmer}
}

@book{brown1992introduction,
    title = {{Introduction to random signals and applied Kalman filtering}},
    year = {2012},
    author = {Brown, Robert Grover and Hwang, Patrick Y C and {others}},
    edition = {4th},
    publisher = {Wiley New York}
}

@misc{Ueland2017,
    title = {{Marine Autonomous Exploration Using a Lidar and SLAM}},
    year = {2017},
    author = {Ueland, Einar S and Skjetne, Roger and Dahl, Andreas R},
    number = {57724},
    pages = {V006T05A029},
    url = {http://dx.doi.org/10.1115/OMAE2017-61880}
}

@article{Grtli201677,
    title = {{Motion- and communication-planning of unmanned aerial vehicles in delay tolerant network using mixed-integer linear programming}},
    year = {2016},
    journal = {Modeling, Identification and Control},
    author = {Gr{\o}tli, E I and Johansen, T A},
    number = {2},
    pages = {77--97},
    volume = {37},
    url = {https://www.scopus.com/inward/record.uri?eid=2-s2.0-84992650930&doi=10.4173%2Fmic.2016.2.1&partnerID=40&md5=87f636ae64949b4559c56e18d3cddc95},
    doi = {10.4173/mic.2016.2.1}
}

@misc{SeaFutureInc.2018,
    title = {{Netpas Distance}},
    year = {2018},
    author = {{SeaFuture Inc.}},
    url = {https://www.netpas.net/}
}

@book{FordJr.1956,
    title = {{Network Flow Theory}},
    year = {1956},
    author = {Ford Jr., Lester Randolph},
    pages = {923},
    publisher = {RAND Corporation}
}

@misc{NocedalJorge2006No,
    title = {{Numerical optimization}},
    year = {2006},
    author = {Nocedal, Jorge and Stephen J., Wright},
    edition = {2nd ed.},
    pages = {664},
    series = {Springer series in operation research and financial engineering},
    publisher = {Springer},
    address = {New York},
    isbn = {9780387303031},
    keywords = {Matematisk programmering, Operasjonsanalyse (Matematikk), Operasjonsanalyse (Matematikk) -- L{\ae}reb{\o}ker, Operational research, Optimalisering, Textbooks, matematisk, numerisk, optimalisering, optimering}
}

@article{Bellman,
    title = {{On a routing problem}},
    year = {1958},
    journal = {Quarterly of applied mathematics},
    author = {Bellman, Richard},
    pages = {87--90},
    volume = {16},
    address = {Providence, Bi},
    issn = {0033-569X}
}

@article{Dubins57,
    title = {{On Curves of Minimal Length with a Constraint on Average Curvature, and with Prescribed Initial and Terminal Positions and Tangents}},
    year = {1957},
    journal = {American Journal of Mathematics},
    author = {Dubins, L E},
    number = {3},
    pages = {497--516},
    volume = {79},
    publisher = {Johns Hopkins University Press},
    url = {http://www.jstor.org/stable/2372560},
    issn = {00029327, 10806377}
}

@article{LEKKAS20161,
    title = {{Online Path Planning for Surface Vehicles Exposed to Unknown Ocean Currents Using Pseudospectral Optimal Control}},
    year = {2016},
    journal = {IFAC-PapersOnLine},
    author = {Lekkas, Anastasios M and Roald, Ann L and Breivik, Morten},
    number = {23},
    pages = {1--7},
    volume = {49},
    url = {http://www.sciencedirect.com/science/article/pii/S2405896316319000},
    doi = {https://doi.org/10.1016/j.ifacol.2016.10.313},
    issn = {2405-8963},
    keywords = {DIDO, collision avoidance, integral LOS guidance, marine surface vehicles, ocean current observer, path planning, pseudospectral optimal control}
}

@article{Reeds1990367,
    title = {{Optimal paths for a car that goes both forwards and backwards}},
    year = {1990},
    journal = {Pacific Journal of Mathematics},
    author = {{Reeds} and {Shepp}},
    number = {2},
    pages = {367--393},
    volume = {145},
    url = {https://www.scopus.com/inward/record.uri?eid=2-s2.0-84974001050&doi=10.2140%2Fpjm.1990.145.367&partnerID=40&md5=6393408f038eb5623acc0cc068445edd},
    doi = {10.2140/pjm.1990.145.367}
}

@inproceedings{Forsmo2013253,
    title = {{Optimal search mission with Unmanned Aerial Vehicles using Mixed Integer Linear Programming}},
    year = {2013},
    booktitle = {2013 International Conference on Unmanned Aircraft Systems, ICUAS 2013 - Conference Proceedings},
    author = {Forsmo, E J and Grotli, E I and Fossen, T I and Johansen, T A},
    pages = {253--259},
    url = {https://www.scopus.com/inward/record.uri?eid=2-s2.0-84883083585&doi=10.1109%2FICUAS.2013.6564697&partnerID=40&md5=5f9fa43f6eb8d3abc8c41855e209628d},
    doi = {10.1109/ICUAS.2013.6564697}
}

@article{Ho2015159,
    title = {{Optimization of Wireless Sensor Network and UAV Data Acquisition}},
    year = {2015},
    journal = {Journal of Intelligent and Robotic Systems: Theory and Applications},
    author = {Ho, D.-T. and Gr{\o}tli, E I and Sujit, P B and Johansen, T A and Sousa, J B},
    number = {1},
    pages = {159--179},
    volume = {78},
    url = {https://www.scopus.com/inward/record.uri?eid=2-s2.0-84925493554&doi=10.1007%2Fs10846-015-0175-5&partnerID=40&md5=c38d790cbd24200516f523b6dc700ff8},
    doi = {10.1007/s10846-015-0175-5}
}

@article{Dixon2012883,
    title = {{Optimizing cascaded chains of unmanned aircraft acting as communication relays}},
    year = {2012},
    journal = {IEEE Journal on Selected Areas in Communications},
    author = {Dixon, C and Frew, E W},
    number = {5},
    pages = {883--898},
    volume = {30},
    url = {https://www.scopus.com/inward/record.uri?eid=2-s2.0-84862283390&doi=10.1109%2FJSAC.2012.120605&partnerID=40&md5=2b3c944eefcc38e1669978f51116c4b2},
    doi = {10.1109/JSAC.2012.120605}
}

@inproceedings{Olofsson1148936,
    title = {{Outline of a System for Integrated Adaptive Ice Tracking and Multi-Agent Path Planning}},
    year = {2017},
    booktitle = {Proceedings of the 2017 Workshop on Research, Education and Development of Unmanned Aerial Systems (RED-UAS)},
    author = {Olofsson, Jonatan and Veib{\"{a}}ck, Clas and Hendeby, Gustaf and Johansen, Tor Arne},
    organization = {Link{\"{o}}ping University, Faculty of Science {\&} Engineering},
    keywords = {Ice Tracking, Path Planning, Sensor Fusion, UAS}
}

@article{Dolgov2010485,
    title = {{Path planning for autonomous vehicles in unknown semi-structured environments}},
    year = {2010},
    journal = {International Journal of Robotics Research},
    author = {Dolgov, D and Thrun, S and Montemerlo, M and Diebel, J},
    number = {5},
    pages = {485--501},
    volume = {29},
    url = {https://www.scopus.com/inward/record.uri?eid=2-s2.0-77951113447&doi=10.1177%2F0278364909359210&partnerID=40&md5=b7eb1a43888b7429616b179112de86c7},
    doi = {10.1177/0278364909359210}
}

@inproceedings{Jann201748,
    title = {{Path planning for multi-vehicle autonomous swarms in dynamic environment}},
    year = {2017},
    booktitle = {2017 Ninth International Conference on Advanced Computational Intelligence (ICACI)},
    author = {Jann, Mudassir and Anavatti, Sreenatha and Biswas, Sumana},
    pages = {48--53},
    url = {http://ieeexplore.ieee.org/document/7974484/},
    isbn = {978-1-5090-4726-0},
    doi = {10.1109/ICACI.2017.7974484}
}

@article{Kavraki1996566,
    title = {{Probabilistic roadmaps for path planning in high-dimensional configuration spaces}},
    year = {1996},
    journal = {IEEE Transactions on Robotics and Automation},
    author = {Kavraki, L E and {\v{S}}vestka, P and Latombe, J.-C. and Overmars, M H},
    number = {4},
    pages = {566--580},
    volume = {12},
    url = {https://www.scopus.com/inward/record.uri?eid=2-s2.0-0030212126&doi=10.1109%2F70.508439&partnerID=40&md5=d185c080ead320ecc488ca2b8dcfd72f},
    doi = {10.1109/70.508439}
}

@techreport{Lavalle98,
    title = {{Rapidly-Exploring Random Trees: A New Tool for Path Planning}},
    year = {1998},
    author = {Lavalle, Steven M},
    pages = {4},
    institution = {Iowa State Universiity}
}

@article{Khatib198690,
    title = {{REAL-TIME OBSTACLE AVOIDANCE FOR MANIPULATORS AND MOBILE ROBOTS.}},
    year = {1986},
    journal = {International Journal of Robotics Research},
    author = {Khatib, Oussama},
    number = {1},
    pages = {90--98},
    volume = {5},
    url = {https://www.scopus.com/inward/record.uri?eid=2-s2.0-0022674420&doi=10.1177%2F027836498600500106&partnerID=40&md5=a069a097c3fcf2f097fbe9eb6deab862},
    doi = {10.1177/027836498600500106}
}

@article{Eik2008557,
    title = {{Review of experiences within ice and iceberg management}},
    year = {2008},
    journal = {Journal of Navigation},
    author = {Eik, Kenneth},
    number = {4},
    pages = {557--572},
    volume = {61},
    url = {https://www.scopus.com/inward/record.uri?eid=2-s2.0-53849141209&doi=10.1017%2FS0373463308004839&partnerID=40&md5=f528e8ba711087ece345ee44c49deccb},
    doi = {10.1017/S0373463308004839}
}

@book{spong2005robot,
    title = {{Robot Modeling and Control}},
    year = {2005},
    author = {Spong, M W and Hutchinson, S and Vidyasagar, M},
    publisher = {Wiley},
    url = {https://books.google.no/books?id=wGapQAAACAAJ},
    isbn = {9780471649908}
}

@book{spong2006robot,
    title = {{Robot modeling and control}},
    year = {2006},
    author = {Spong, Mark W and Hutchinson, Seth and Vidyasagar, Mathukumalli and {others}},
    volume = {3},
    publisher = {Wiley New York}
}

@inproceedings{Kuwata2007522,
    title = {{Robust cooperative decentralized trajectory optimization using receding horizon MILP}},
    year = {2007},
    booktitle = {Proceedings of the American Control Conference},
    author = {Kuwata, Y and How, J P},
    pages = {522--527},
    url = {https://www.scopus.com/inward/record.uri?eid=2-s2.0-46449134863&doi=10.1109%2FACC.2007.4283003&partnerID=40&md5=a4c4e6d1824a2d9ae3e215e48586364e},
    doi = {10.1109/ACC.2007.4283003}
}

@misc{MaritimeDataSystems2018,
    title = {{SeaRoutes}},
    year = {2018},
    author = {{Maritime Data Systems}},
    url = {https://www.searoutes.com}
}

@article{Johansen2016,
    title = {{Ship Collision Avoidance and COLREGS Compliance Using Simulation-Based Control Behavior Selection With Predictive Hazard Assessment}},
    year = {2016},
    journal = {IEEE Transactions on Intelligent Transportation Systems},
    author = {Johansen, T A and Perez, T and Cristofaro, A},
    number = {12},
    pages = {3407--3422},
    volume = {17},
    doi = {10.1109/TITS.2016.2551780},
    issn = {1524-9050},
    keywords = {Autonomous ships, COLREGS compliance, Collision avoidance, Convention on the International Regulations for Pr, Hazards, Marine vehicles, Oceans, Optimization, Propulsion, Trajectory, collision avoidance, control systems, finite prediction horizon, guidance course angle, hazard, marine control, marine propulsion, marine safety, model predictive control, optimal control, optimal control behavior, predictive control, predictive hazard assessment, propulsion command, propulsion system, safety, ship collision avoidance, ships, simulation-based control behavior selection, steering system, steering systems, trajectory optimization}
}

@misc{IMO,
    title = {{Ships' routing}},
    year = {2018},
    booktitle = {International Maritime Organization},
    author = {{IMO}},
    url = {http://www.imo.org/en/OurWork/Safety/Navigation/Pages/ShipsRouteing.aspx}
}

@article{Gerkey2002758,
    title = {{Sold!: Auction methods for multirobot coordination}},
    year = {2002},
    journal = {IEEE Transactions on Robotics and Automation},
    author = {Gerkey, B P and Matari{\'{c}}, M J},
    number = {5},
    pages = {758--768},
    volume = {18},
    url = {https://www.scopus.com/inward/record.uri?eid=2-s2.0-0036817317&doi=10.1109%2FTRA.2002.803462&partnerID=40&md5=4daeb36b81a4ea9db9bd6116fe69bf19},
    doi = {10.1109/TRA.2002.803462}
}

@inproceedings{Shah2016527,
    title = {{Speeding up A* search on visibility graphs defined over quadtrees to enable long distance path planning for unmanned surface vehicles}},
    year = {2016},
    booktitle = {Proceedings International Conference on Automated Planning and Scheduling, ICAPS},
    author = {Shah, B C and Gupta, S K},
    pages = {527--535},
    volume = {2016-Janua},
    url = {https://www.scopus.com/inward/record.uri?eid=2-s2.0-84989877967&partnerID=40&md5=8be2cb6409973384c874eff8f457c311}
}

@misc{Cplusplus.coma,
    title = {{std::list}},
    year = {2017},
    author = {{cplusplus.com}},
    url = {http://www.cplusplus.com/reference/list/list/}
}

@misc{Cplusplus.com,
    title = {{std::vector::insert}},
    year = {2017},
    author = {{cplusplus.com}},
    url = {http://www.cplusplus.com/reference/vector/vector/insert/}
}

@book{Moore1959,
    title = {{The shortest path through a maze}},
    year = {1959},
    booktitle = {Proc. Internat. Sympos. Switching Theory 1957, Part II},
    author = {Moore, Edward Forrest},
    pages = {285--292},
    publisher = {Bell Telephone Systems}
}

@phdthesis{Bitar2017,
    title = {{Towards the Development of Autonomous Ferries}},
    year = {2017},
    author = {Bitar, Glenn Ivar},
    school = {Norwegian University of Science and Technology}
}

@misc{wiki:TSS,
    title = {{Traffic Separation Scheme --- {\{}Wikipedia{\}}{\{},{\}} The Free Encyclopedia}},
    year = {2018},
    author = {{Wikipedia contributors}},
    howpublished = {{\textbackslash}url{\{}https://en.wikipedia.org/w/index.php?title=Traffic{\_}Separation{\_}Scheme{\&}oldid=829069237{\}}}
}

@article{Savla20081378,
    title = {{Traveling salesperson problems for the Dubins vehicle}},
    year = {2008},
    journal = {IEEE Transactions on Automatic Control},
    author = {Savla, K and Frazzoli, E and Bullo, F},
    number = {6},
    pages = {1378--1391},
    volume = {53},
    url = {https://www.scopus.com/inward/record.uri?eid=2-s2.0-51449118659&doi=10.1109%2FTAC.2008.925814&partnerID=40&md5=00a5d8a0d135983ce2997feb646bc5ac},
    doi = {10.1109/TAC.2008.925814}
}

@inproceedings{Posch2009,
    title = {{UAV based search for a radio tagged animal using particle filters}},
    year = {2009},
    booktitle = {Proceedings of the 2009 Australasian Conference on Robotics and Automation, ACRA 2009},
    author = {Posch, A and Sukkarieh, S},
    url = {https://www.scopus.com/inward/record.uri?eid=2-s2.0-84855571072&partnerID=40&md5=33918e611e98344788ad67b63ec0f8d7}
}

@inproceedings{Lin2009709,
    title = {{UAV intelligent path planning for wilderness search and rescue}},
    year = {2009},
    booktitle = {2009 IEEE/RSJ International Conference on Intelligent Robots and Systems, IROS 2009},
    author = {Lin, L and Goodrich, M A},
    pages = {709--714},
    url = {https://www.scopus.com/inward/record.uri?eid=2-s2.0-76249125304&doi=10.1109%2FIROS.2009.5354455&partnerID=40&md5=0c8663452bdf3b67b689a0944bb07632},
    doi = {10.1109/IROS.2009.5354455}
}

@article{Albert201721,
    title = {{UAV path planning using MILP with experiments}},
    year = {2017},
    journal = {Modeling, Identification and Control},
    author = {Albert, A and Leira, F S and Imsland, L},
    number = {1},
    pages = {21--32},
    volume = {38},
    url = {https://www.scopus.com/inward/record.uri?eid=2-s2.0-85018457301&doi=10.4173%2Fmic.2017.1.3&partnerID=40&md5=1bd7637995ee9ce62ed3940045992b20},
    doi = {10.4173/mic.2017.1.3}
}

@article{Grancharova2015115,
    title = {{UAVs Trajectory Planning by Distributed MPC under Radio Communication Path Loss Constraints}},
    year = {2015},
    journal = {Journal of Intelligent and Robotic Systems: Theory and Applications},
    author = {Grancharova, A and Gr{\o}tli, E I and Ho, D.-T. and Johansen, T A},
    number = {1},
    pages = {115--134},
    volume = {79},
    url = {https://www.scopus.com/inward/record.uri?eid=2-s2.0-84930473855&doi=10.1007%2Fs10846-014-0090-1&partnerID=40&md5=429e590505adbbcce2a40be6e44bbaef},
    doi = {10.1007/s10846-014-0090-1}
}

@phdthesis{Langeveld2016,
    title = {{Unmanned Aerial Vehicle Mission Planning for Iceberg Tracking and Detection}},
    year = {2016},
    author = {Langeveld, Sindre Matthijs},
    pages = {43},
    school = {Norwegian University of Science and Technology}
}

@misc{MarineTraffic,
    title = {{Voyage Planner}},
    year = {2018},
    author = {{MarineTraffic}},
    url = {https://www.marinetraffic.com/no/voyage-planner}
}

@article{Perera2017684,
    title = {{Weather routing and safe ship handling in the future of shipping}},
    year = {2017},
    journal = {Ocean Engineering},
    author = {Perera, L P and Soares, C G},
    pages = {684--695},
    volume = {130},
    url = {https://www.scopus.com/inward/record.uri?eid=2-s2.0-85008168538&doi=10.1016%2Fj.oceaneng.2016.09.007&partnerID=40&md5=d23f40160b760e02561b0e3f5125a546},
    doi = {10.1016/j.oceaneng.2016.09.007}
}

@techreport{RePEc:ems:eureir:16100,
    title = {{Yet another bidirectional algorithm for shortest paths}},
    year = {2009},
    author = {Pijls, Wim and Post, Henk},
    number = {EI 2009-10},
    url = {https://econpapers.repec.org/RePEc:ems:eureir:16100},
    institution = {Erasmus University Rotterdam, Erasmus School of Economics (ESE), Econometric Institute},
    keywords = {bidirectional search; road network search; shortes}
}

@article{Brito2016AMissions,
    title = {{A Bayesian approach for predicting risk of autonomous underwater vehicle loss during their missions}},
    year = {2016},
    journal = {Reliability Engineering {\&} System Safety},
    author = {Brito, Mario and Griffiths, Gwyn},
    month = {2},
    pages = {55--67},
    volume = {146},
    url = {http://linkinghub.elsevier.com/retrieve/pii/S0951832015002860},
    doi = {10.1016/j.ress.2015.10.004},
    issn = {09518320}
}

@article{Brito2012ADeployments,
    title = {{A Behavioral Probabilistic Risk Assessment Framework for Managing Autonomous Underwater Vehicle Deployments}},
    year = {2012},
    journal = {Journal of Atmospheric and Oceanic Technology},
    author = {Brito, Mario and Griffiths, Gwyn and Ferguson, James and Hopkin, David and Mills, Richard and Pederson, Richard and MacNeil, Erin and Brito, Mario and Griffiths, Gwyn and Ferguson, James and Hopkin, David and Mills, Richard and Pederson, Richard and MacNeil, Erin},
    number = {11},
    month = {11},
    pages = {1689--1703},
    volume = {29},
    url = {http://journals.ametsoc.org/doi/abs/10.1175/JTECH-D-12-00005.1},
    doi = {10.1175/JTECH-D-12-00005.1},
    issn = {0739-0572},
    keywords = {Risk assessment}
}

@article{2010AnVehicles,
    title = {{An efficient phased mission reliability analysis for autonomous vehicles}},
    year = {2010},
    journal = {Reliability Engineering {\&} System Safety},
    number = {3},
    month = {3},
    pages = {226--235},
    volume = {95},
    publisher = {Elsevier},
    url = {https://www.sciencedirect.com/science/article/pii/S0951832009002397},
    doi = {10.1016/J.RESS.2009.10.002},
    issn = {0951-8320}
}

@article{Kim2014CoordinatedUAVs,
    title = {{Coordinated trajectory planning for efficient communication relay using multiple UAVs}},
    year = {2014},
    journal = {Control Engineering Practice},
    author = {Kim, Seungkeun and Oh, Hyondong and Suk, Jinyoung and Tsourdos, Antonios},
    isbn = {9783902823465},
    doi = {10.1016/j.conengprac.2014.04.003},
    issn = {09670661},
    keywords = {Communications relay, Global message connectivity, Minimum spanning tree, Trajectory planning, Unmanned aerial vehicles}
}

@inproceedings{Nejad2007HierarchicalAssessment,
    title = {{Hierarchical planning and multi-level scheduling for simulation-based probabilistic risk assessment}},
    year = {2007},
    booktitle = {2007 Winter Simulation Conference},
    author = {Nejad, Hamed S. and {Dongfeng Zhu} and Mosleh, Ali},
    pages = {1189--1197},
    publisher = {IEEE},
    url = {http://ieeexplore.ieee.org/document/4419721/},
    isbn = {978-1-4244-1305-8},
    doi = {10.1109/WSC.2007.4419721}
}

@inproceedings{Carfang2014ImprovingEnvironment,
    title = {{Improving data ferrying by iteratively learning the radio frequency environment}},
    year = {2014},
    booktitle = {IEEE International Conference on Intelligent Robots and Systems},
    author = {Carfang, Anthony J. and Wagle, Neeti and Frew, Eric W.},
    isbn = {9781479969340},
    doi = {10.1109/IROS.2014.6942707},
    issn = {21530866}
}

@inproceedings{Ali2016MotionPrediction,
    title = {{Motion and communication co-optimization with path planning and online channel prediction}},
    year = {2016},
    booktitle = {Proceedings of the American Control Conference},
    author = {Ali, Usman and Cai, Hong and Mostofi, Yasamin and Wardi, Yorai},
    isbn = {9781467386821},
    doi = {10.1109/ACC.2016.7526789},
    issn = {07431619},
    arxivId = {1603.01672}
}

@article{NotatBNN,
    title = {{Notat BNN}}
}

@article{Brito2010RiskEnvironments,
    title = {{Risk Analysis for Autonomous Underwater Vehicle Operations in Extreme Environments}},
    year = {2010},
    journal = {Risk Analysis},
    author = {Brito, Mario Paulo and Griffiths, Gwyn and Challenor, Peter},
    number = {12},
    month = {12},
    pages = {1771--1788},
    volume = {30},
    url = {http://www.ncbi.nlm.nih.gov/pubmed/20731790 http://doi.wiley.com/10.1111/j.1539-6924.2010.01476.x},
    doi = {10.1111/j.1539-6924.2010.01476.x},
    issn = {02724332},
    pmid = {20731790}
}

@article{Clothier2015RiskDrones,
    title = {{Risk Perception and the Public Acceptance of Drones}},
    year = {2015},
    journal = {Risk Analysis},
    author = {Clothier, Reece A. and Greer, Dominique A. and Greer, Duncan G. and Mehta, Amisha M.},
    number = {6},
    month = {6},
    pages = {1167--1183},
    volume = {35},
    publisher = {Wiley/Blackwell (10.1111)},
    url = {http://doi.wiley.com/10.1111/risa.12330},
    doi = {10.1111/risa.12330},
    issn = {02724332},
    keywords = {Drones, remotely piloted aircraft, risk communication, risk perception, unmanned aircraft systems}
}

@article{2014TheSafety,
    title = {{The regulation of civilian drones' impacts on public safety}},
    year = {2014},
    journal = {Computer Law {\&} Security Review},
    number = {3},
    month = {6},
    pages = {263--285},
    volume = {30},
    publisher = {Elsevier Advanced Technology},
    url = {https://www.sciencedirect.com/science/article/pii/S0267364914000594},
    doi = {10.1016/J.CLSR.2014.03.007},
    issn = {0267-3649}
}

@incollection{Groen2004TreatmentData,
    title = {{Treatment of Partial Homogeneity in Population Variability Analysis of Data}},
    year = {2004},
    booktitle = {Probabilistic Safety Assessment and Management},
    author = {Groen, Frank J. and Mosleh, Ali and Droguett, Enrique L.},
    pages = {1044--1050},
    publisher = {Springer London},
    url = {http://link.springer.com/10.1007/978-0-85729-410-4_169},
    address = {London},
    doi = {10.1007/978-0-85729-410-4{\_}169}
}

@article{2014UnderstandingEpidemic,
    title = {{Understanding the drone epidemic}},
    year = {2014},
    journal = {Computer Law {\&} Security Review},
    number = {3},
    month = {6},
    pages = {230--246},
    volume = {30},
    publisher = {Elsevier Advanced Technology},
    url = {https://www.sciencedirect.com/science/article/pii/S0267364914000545},
    doi = {10.1016/J.CLSR.2014.03.002},
    issn = {0267-3649}
}